<?xml version="1.0" encoding="UTF-8"?><record xmlns="http://www.loc.gov/MARC21/slim" xmlns:cinclude="http://apache.org/cocoon/include/1.0" xmlns:zs="http://www.loc.gov/zing/srw/">
  <leader>00390nz  a2200121n  4500</leader>
  <controlfield tag="001">n 2013033070</controlfield>
  <controlfield tag="003">DLC</controlfield>
  <controlfield tag="005">20130610174953.0</controlfield>
  <controlfield tag="008">130610n| azannaabn          |n aaa      </controlfield>
  <datafield tag="010" ind1=" " ind2=" ">
    <subfield code="a">n 2013033070</subfield>
  </datafield>
  <datafield tag="040" ind1=" " ind2=" ">
    <subfield code="a">DLC</subfield>
    <subfield code="b">eng</subfield>
    <subfield code="c">DLC</subfield>
    <subfield code="e">rda</subfield>
  </datafield>
  <datafield tag="100" ind1="1" ind2=" ">
    <subfield code="a">Dumont, Erica Jill</subfield>
  </datafield>
  <datafield tag="670" ind1=" " ind2=" ">
    <subfield code="a">Legendary locals of Weymouth, Massachusetts, 2013:</subfield>
    <subfield code="b">t.p. (Erica Jill Dumont) back cover (sec. of Weymouth Historical Society)</subfield>
  </datafield>
</record>